@inproceedings{bengio2014word,
  title={Word embeddings for speech recognition},
  author={Bengio, Samy and Heigold, Georg},
  booktitle={Fifteenth Annual Conference of the International Speech Communication Association},
  year={2014}
}


@article{juang2005automatic,
  title={Automatic speech recognition--a brief history of the technology development},
  author={Juang, Biing-Hwang and Rabiner, Lawrence R},
  journal={Georgia Institute of Technology. Atlanta Rutgers University and the University of California. Santa Barbara},
  volume={1},
  pages={67},
  year={2005},
  doi={}
}

@article{brewe2012investigating,
  title={Investigating student communities with network analysis of interactions in a physics learning center},
  author={Brewe, Eric and Kramer, Laird and Sawtelle, Vashti},
  journal={Physical Review Special Topics-Physics Education Research},
  volume={8},
  number={1},
  pages={010101},
  year={2012},
  publisher={APS},
  doi={https://doi.org/10.1103/PhysRevSTPER.8.010101}
}

@article{vargas2018correlation,
  title={Correlation between student collaboration network centrality and academic performance},
  author={Vargas, David L and Bridgeman, Ariel M and Schmidt, David R and Kohl, Patrick B and Wilcox, Bethany R and Carr, Lincoln D},
  journal={Physical Review Physics Education Research},
  volume={14},
  number={2},
  pages={020112},
  year={2018},
  publisher={APS},
  doi={10.1103/PhysRevPhysEducRes.14.020112}
}


@article{mclinden2013concept,
  title={Concept maps as network data: analysis of a concept map using the methods of social network analysis},
  author={McLinden, Daniel},
  journal={Evaluation and program planning},
  volume={36},
  number={1},
  pages={40--48},
  year={2013},
  publisher={Elsevier},
  doi={10.1016/j.evalprogplan.2012.05.001}
}

@article{scott2011pedagogical,
  title={Pedagogical link-making: a fundamental aspect of teaching and learning scientific conceptual knowledge},
  author={Scott, Phil and Mortimer, Eduardo and Ametller, Jaume},
  journal={Studies in Science Education},
  volume={47},
  number={1},
  pages={3--36},
  year={2011},
  publisher={Taylor \& Francis},
  doi={10.1080/03057267.2011.549619}
}

@book{fischer2014quality,
  title={Quality of instruction in physics: Comparing Finland, Switzerland and Germany},
  author={Fischer, Hans E and Labudde, Peter and Neumann, Knut and Viiri, Jouni},
  year={2014},
  publisher={Waxmann Verlag}
}

@article{wieman2005transforming,
  title={Transforming physics education},
  author={Wieman, Carl and Perkins, Katherine},
  journal={Physics today},
  volume={58},
  number={11},
  pages={36},
  year={2005},
  publisher={American Institute of Physics},
  doi={10.1063/1.2155756}
}

@article{spille2018comparing,
  title={Comparing human and automatic speech recognition in simple and complex acoustic scenes},
  author={Spille, Constantin and Kollmeier, Birger and Meyer, Bernd T},
  journal={Computer Speech \& Language},
  volume={52},
  pages={123--140},
  year={2018},
  publisher={Elsevier},
  doi={10.1016/j.csl.2018.04.003}
}

@book{enarvi2018modeling,
title={Modeling Conversational Finnish for Automatic Speech Recognition; Suomen puhekielen mallintaminen automaattista puheentunnistusta varten},
author={Enarvi, Seppo},
year={2018},
language={en},
pages={117 + app. 73},
keyword={automatic speech recognition; language modeling; word classes; artificial neural networks; data collection; automaattinen puheentunnistus; kielen mallintaminen; sanaluokat; neuroverkot; tiedonkeruu},
isbn={978-952-60-7908-0 (electronic); 978-952-60-7907-3 (printed)},
issn={1799-4942 (electronic); 1799-4934 (printed); 1799-4934 (ISSN-L)},
series={Aalto University publication series DOCTORAL DISSERTATIONS; 52/2018},
publisher={Aalto University; Aalto-yliopisto},
type={G5 Artikkeliväitöskirja},
url={http://urn.fi/URN:ISBN:978-952-60-7908-0}
} 

@article{silfverberg2016finnpos,
  title={FinnPos: an open-source morphological tagging and lemmatization toolkit for Finnish},
  author={Silfverberg, Miikka and Ruokolainen, Teemu and Lind{\'e}n, Krister and Kurimo, Mikko},
  journal={Language Resources and Evaluation},
  volume={50},
  number={4},
  pages={863--878},
  year={2016},
  publisher={Springer},
  doi={10.1007/s10579-015-9326-3}
}

@article{kanerva2018turku,
  title={Turku neural parser pipeline: An end-to-end system for the CoNLL 2018 shared task},
  author={Kanerva, Jenna and Ginter, Filip and Miekka, Niko and Leino, Akseli and Salakoski, Tapio},
  journal={Proceedings of the CoNLL 2018 Shared Task: Multilingual Parsing from Raw Text to Universal Dependencies},
  pages={133--142},
  year={2018}
}
