@book{fischer2014quality,
  title={Quality of instruction in physics: Comparing Finland, Switzerland and Germany},
  author={Fischer, Hans E and Labudde, Peter and Neumann, Knut and Viiri, Jouni},
  year={2014},
  publisher={Waxmann Verlag}
}

@article{hirsimaki2009importance,
  title={Importance of high-order n-gram models in morph-based speech recognition},
  author={Hirsimaki, Teemu and Pylkkonen, Janne and Kurimo, Mikko},
  journal={IEEE Transactions on Audio, Speech, and Language Processing},
  volume={17},
  number={4},
  pages={724--732},
  year={2009},
  publisher={IEEE},
  doi={10.1109/TASL.2008.2012323}
}

@inproceedings{Mansikkaniemi2017,
  author={Andr√© Mansikkaniemi and Peter Smit and Mikko Kurimo},
  title={Automatic Construction of the Finnish Parliament Speech Corpus},
  year=2017,
  booktitle={Proc. Interspeech 2017},
  pages={3762--3766},
  doi={10.21437/Interspeech.2017-1115}
  }

@article{borgatti2009network,
  title={Network analysis in the social sciences},
  author={Borgatti, Stephen P and Mehra, Ajay and Brass, Daniel J and Labianca, Giuseppe},
  journal={science},
  volume={323},
  number={5916},
  pages={892--895},
  year={2009},
  publisher={American Association for the Advancement of Science},
  doi={10.1126/science.1165821}
}

@article{vargas2018correlation,
  title={Correlation between student collaboration network centrality and academic performance},
  author={Vargas, David L and Bridgeman, Ariel M and Schmidt, David R and Kohl, Patrick B and Wilcox, Bethany R and Carr, Lincoln D},
  journal={Physical Review Physics Education Research},
  volume={14},
  number={2},
  pages={020112},
  year={2018},
  publisher={APS},
  doi={10.1103/PhysRevPhysEducRes.14.020112}
}

@article{mclinden2013concept,
  title={Concept maps as network data: analysis of a concept map using the methods of social network analysis},
  author={McLinden, Daniel},
  journal={Evaluation and program planning},
  volume={36},
  number={1},
  pages={40--48},
  year={2013},
  publisher={Elsevier},
  doi={10.1016/j.evalprogplan.2012.05.001}
}

@inproceedings{caballero2017asr,
  title={ASR in classroom today: automatic visualization of conceptual network in science classrooms},
  author={Caballero, Daniela and Araya, Roberto and Kronholm, Hanna and Viiri, Jouni and Mansikkaniemi, Andr{\'e} and Lehesvuori, Sami and Virtanen, Tuomas and Kurimo, Mikko},
  booktitle={European Conference on Technology Enhanced Learning},
  pages={541--544},
  year={2017},
  organization={Springer},
  doi={10.1007/978-3-319-66610-5_58}
}

@article{gambhir2017recent,
  title={Recent automatic text summarization techniques: a survey},
  author={Gambhir, Mahak and Gupta, Vishal},
  journal={Artificial Intelligence Review},
  volume={47},
  number={1},
  pages={1--66},
  year={2017},
  publisher={Springer},
  doi={10.1007/s10462-016-9475-9}
}

@inproceedings{tuhkala2018semi,
  title={Semi-automatic literature mapping of participatory design studies 2006--2016},
  author={Tuhkala, Ari and K{\"a}rkk{\"a}inen, Tommi and Nieminen, Paavo},
  booktitle={Proceedings of the 15th Participatory Design Conference: Short Papers, Situated Actions, Workshops and Tutorial-Volume 2},
  pages={6},
  year={2018},
  organization={ACM},
  doi={10.1145/3210604.3210621}
}

